
@article{jester18,
    author = "Barbara Jester and Timothy Uyeki and Daniel Jernigan",
    title = "Readiness for Responding to a Severe Pandemic 100 Years After 1918",
    journal =      "American Journal of Epidemiology",
    volume =       "187",
    number =       "12",
    pages =        "2596 - 2602",
    year =         "2018",
    DOI =          "10.1093/aje/kwy165"
}

@article{kelly,
    author =       "Heath Kelly",
    title =        "The classical definition of a pandemic is not elusive",
    journal =      "Bull World Health Organ.",
    volume =       "89",
    number =       "7",
    pages =        "540 - 541",
    year =         "2011",
    DOI =          "10.2471/BLT.11.088815"
}

@article{fleming,
    Author = {Fleming, Douglas M and Durnall, Hayley},
    Journal = {Human Vaccines & Immunotherapeutics},
    Number = {1},
    Pages = {138 - 145},
    Title = {Ten lessons for the next influenza pandemic-an English perspective: a personal reflection based on community surveillance data.},
    Volume = {8},
    Year = {2012},
    DOI = {10.4161/hv.8.1.18808}
}

@article{tizzoni,
    author = "Michele Tizzoni and Paolo Bajardi and Chiara Poletto and José J Ramasco and Duygu Balcan and Bruno Gonçalves and Nicola Perra and Vittoria Colizza and Alessandro Vespignani",
    title =        "Real-time numerical forecast of global epidemic spreading: case study of 2009 A/H1N1pdm",
    journal =      "BMC Medicine",
    volume =       "10",
    number =       "165",
    year =         "2012",
    DOI =          "10.1186/1741-7015-10-165"
}

@article{osewe,
    author =       "Patrick L Osewe",
    title =        "Options for financing pandemic preparedness",
    journal =      "Bull World Health Organ.",
    volume =       "95",
    number =       "12",
    pages =        "749",
    year =         "2017",
    DOI =          "10.2471/BLT.17.199695"
}

@misc{pandemicDef, 
    title = {What is a pandemic?},
    url = {https://www.who.int/csr/disease/swineflu/frequently\_asked\_questions/ pandemic/en/}, 
    journal = {Emergencies Preparedness, Response}, 
    publisher = {World Health Organization}, 
    year = {2010}
}

@misc{panHist, 
    title = {Visualizing the History of Pandemics}, 
    url = {https://www.visualcapitalist.com/history-of-pandemics-deadliest/},
    journal = {Visual Capitalist},
    publisher = {Visual Capitalist}, author = {LePan, Nicholas}, 
    year = {2020}, 
}

@misc{spanflu, 
    title = {Spanish Flu},
    url = {https://www.history.com/topics/world-war-i/1918-flu-pandemic},
    journal = {History}, 
    publisher = {A&E Television Networks}, 
    year = {2010},
}

@book{box, 
    place = {New York}, 
    title = {Empirical model-building and response surfaces}, 
    publisher = {J. Wiley}, 
    author = {Box, George E. P. and Draper, Norman Richard.},
    year = {1987}
}

@Inbook{slDef,
    author = "Liu, Qiong and Wu, Ying",
    title = "Supervised Learning",
    bookTitle = "Encyclopedia of the Sciences of Learning",
    year = "2012",
    publisher = "Springer US",
    address = "Boston, MA",
    pages = "3243 - 3245",
    doi = "10.1007/978-1-4419-1428-6\_451"
}

@book{learnFromData, 
    title = {Learning from data: a short course}, 
    publisher = {AMLBook}, 
    author = {Abu-Mostafa, Yaser S. and Magdon-Ismail, Malik and Lin, Hsuan-Tien}, 
    year = {2012}
}

@article{cauchemez, 
    title = {Role of social networks in shaping disease transmission during a community outbreak of 2009 H1N1 pandemic influenza},
    DOI = {10.1073/pnas.1008895108},
    journal = {Proceedings of the National Academy of Sciences of the United States of America},
    publisher = {National Academy of Sciences}, 
    author = {Cauchemez, Simon and Bhattarai, Achuyt and Marchbanks, Tiffany L and Fagan, Ryan P and Ostroff, Stephen and Ferguson, Neil M and Swerdlow, David and Pennsylvania H1N1 working group},
    year = {2011},
    volume = {108},
    number = {7},
    pages = {2825 - 2830}
}

@article{deptDef, 
    title = {Department of Defense influenza and other respiratory disease surveillance during the 2009 pandemic}, 
    volume = {11},
    DOI = {10.1186/1471-2458-11-S2-S6},
    number = {2}, 
    journal = {BMC Public Health},
    author = {Burke, Ronald L and Vest, Kelly G and Eick, Angelia A and Sanchez, Jose L and Johns, Matthew C and Pavlin, Julie A and Jarman, Richard G}, 
    year = {2011},
    publisher = {BioMed Central}
}

@article{estimPandemic,
    title = {Interhuman transmissibility of Middle East respiratory syndrome coronavirus: estimation of pandemic risk}, 
    volume = {382},
    DOI = {10.1016/s0140-6736(13)61492-0}, 
    number = {9893}, 
    journal = {The Lancet},
    author = {Breban, Romulus and Riou, Julien and Fontanet, Arnaud},
    year = {2013},  
    pages = {694 – 699}
}

@article {Kupferschmidt610,
	author = {Kupferschmidt, Kai and Cohen, Jon},
	title = {Will novel virus go pandemic or be contained?},
	volume = {367},
	number = {6478},
	pages = {610 - 611},
	year = {2020},
	doi = {10.1126/science.367.6478.610},
	publisher = {American Association for the Advancement of Science},
	journal = {Science}
}

@article{fineberg_2014, 
    title = {Pandemic Preparedness and Response — Lessons from the H1N1 Influenza of 2009}, 
    volume = {370},
    DOI = {10.1056/nejmra1208802},
    number = {14}, 
    journal = {New England Journal of Medicine}, 
    author = {Fineberg, Harvey V.},
    year = {2014},
    pages = {1335 – 1342}
}

@article{charactPandemic,
    title = {Distinguishing Characteristics between Pandemic 2009–2010 Influenza A (H1N1) and Other Viruses in Patients Hospitalized with Respiratory Illness}, 
    volume = {6},
    DOI = {10.1371/journal.pone.0024734}, 
    number = {9}, 
    journal = {PLoS ONE}, 
    author = {Chan, Philip A. and Mermel, Leonard A. and Andrea, Sarah B. and Mcculloh, Russell and Mills, John P. and Echenique, Ignacio and Leveen, Emily and Rybak, Natasha and Cunha, Cheston and Machan, Jason T. and et al.}, 
    year = {2011}
}

@article {modInfectDisease,
	author = {Heesterbeek, Hans and Anderson, Roy M. and Andreasen, Viggo and Bansal, Shweta and De Angelis, Daniela and Dye, Chris and Eames, Ken T. D. and Edmunds, W. John and Frost, Simon D. W. and Funk, Sebastian and Hollingsworth, T. Deirdre and House, Thomas and Isham, Valerie and Klepac, Petra and Lessler, Justin and Lloyd-Smith, James O. and Metcalf, C. Jessica E. and Mollison, Denis and Pellis, Lorenzo and Pulliam, Juliet R. C. and Roberts, Mick G. and Viboud, Cecile and ,},
	title = {Modeling infectious disease dynamics in the complex landscape of global health},
	volume = {347},
	number = {6227},
	year = {2015},
	doi = {10.1126/science.aaa4339},
	publisher = {American Association for the Advancement of Science},
	journal = {Science}
}

@article{livestock, 
    title = {Livestock infectious diseases and zoonoses},
    volume = {364},
    DOI = {10.1098/rstb.2009.0133},
    number = {1530},
    journal = {Philosophical Transactions of the Royal Society B: Biological Sciences},
    author = {Tomley, Fiona M. and Shirley, Martin W.}, 
    year = {2009}, 
    pages = {2637 – 2642}
}

@article{effectiveR_0,
    author = {Benjamin J. Cowling and Max S. Y. Lau and Lai-Ming Ho and Shuk-Kwan Chuang and Thomas Tsang and Shao-Haei Liu and Pak-Yin Leung and Su-Vui Lo and Eric H. Y. Lau},
    journal = {Epidemiology},
    number = {6},
    pages = {842 - 846},
    publisher = {Lippincott Williams & Wilkins},
    title = {The Effective Reproduction Number of Pandemic Influenza: "Prospective Estimation"},
    volume = {21},
    year = {2010},
    URL = {http://www.jstor.org/stable/20788237}
}

@article{whoPanRisk, 
    title = {Pandemic risk: how large are the expected losses?},
    volume = {96},
    DOI = {10.2471/blt.17.199588},
    number = {2}, 
    journal = {Bulletin of the World Health Organization}, 
    author = {Fan, Victoria Y and Jamison, Dean T and Summers, Lawrence H}, 
    year = {2018}, 
    pages = {129 – 134}
}

@article{calcR_0,
    author = {Breban, Romulus AND Vardavas, Raffaele AND Blower, Sally},
    journal = {PLOS ONE},
    publisher = {Public Library of Science},
    title = {Theory versus Data: How to Calculate R0?},
    year = {2007},
    volume = {2},
    pages = {1 - 4},
    number = {3},
    doi = {10.1371/journal.pone.0000282}
}

@book{diseaseControl, 
    edition = {3}, 
    title = {Disease control priorities. improving health and reducing poverty},
    publisher = {World Bank Publications.},
    author = {Jamison, Dean T. and Jamison, Dean T.}, 
    year = {2018}
}

@misc{covid19Data, 
    title = {Novel Coronavirus (2019-nCoV) situation reports},
    url = {https://www.who.int/emergencies/diseases/novel-coronavirus-2019/situation-reports/},
    journal = {World Health Organization},
    publisher = {World Health Organization}
}

@misc{catModels, 
    title = {Catastrophe Models},
    url = {https://content.naic.org/cipr_topics/topic_catastrophe_models.htm}, 
    journal = {The Center for Insurance Policy and Research}, 
    publisher = {National Association of Insurance Commissioners}, 
    year = {2020},
}

@misc{sarsInfo, 
    title = {SARS}, 
    url = {https://www.cdc.gov/sars/about/fs-sars.html},
    journal = {Centers for Disease Control and Prevention},
    publisher = {Centers for Disease Control and Prevention}, 
    year = {2017}
}

@misc{coronaviruses,
    url = {http://www.centerforhealthsecurity.org/resources/fact-sheets/pdfs/coronaviruses.pdf},
    publisher = {Johns Hopkins Center for Health Security}, 
    year = {2020}
}

@misc{cdcMorbidity, 
    title = {Principles of Epidemiology},
    url = {https://www.cdc.gov/csels/dsepd/ss1978/lesson3/index.html}, 
    journal = {Centers for Disease Control and Prevention}, 
    publisher = {Centers for Disease Control and Prevention}, 
    year = {2012}
}

@book{Morbidity, 
	title = {Epidemiology Morbidity And Mortality}, 
    publisher = {StatPearls Publishing}, 
    author = {Hernandez, Jose Bien R. and Kim, Peggy Y.},
    year = {2020}
  }

@misc{hosPreparedness,
	title = {Emergency preparedness for healthcare},
    url = {https://www.premiersafetyinstitute.org/safety-topics-az/emergency- \\ preparedness/emergency-preparedness/}, 
    journal = {Healthcare safety resources}, 
    publisher = {Premier},
    year = {2019}
}



